@article{DBLP:journals/jss/LenarduzziPSLP23,
  author       = {Valentina Lenarduzzi and
                  Fabiano Pecorelli and
                  Nyyti Saarim{\"{a}}ki and
                  Savanna Lujan and
                  Fabio Palomba},
  title        = {A critical comparison on six static analysis tools: Detection, agreement,
                  and precision},
  journal      = {J. Syst. Softw.},
  volume       = {198},
  pages        = {111575},
  year         = {2023},
  url          = {https://doi.org/10.1016/j.jss.2022.111575},
  doi          = {10.1016/J.JSS.2022.111575},
  timestamp    = {Sat, 13 May 2023 01:06:56 +0200},
  biburl       = {https://dblp.org/rec/journals/jss/LenarduzziPSLP23.bib},
  bibsource    = {dblp computer science bibliography, https://dblp.org}
}

@inproceedings{DBLP:conf/sigsoft/ErnstBONG15,
  author       = {Neil A. Ernst and
                  Stephany Bellomo and
                  Ipek Ozkaya and
                  Robert L. Nord and
                  Ian Gorton},
  editor       = {Elisabetta Di Nitto and
                  Mark Harman and
                  Patrick Heymans},
  title        = {Measure it? Manage it? Ignore it? software practitioners and technical
                  debt},
  booktitle    = {Proceedings of the 2015 10th Joint Meeting on Foundations of Software
                  Engineering, {ESEC/FSE} 2015, Bergamo, Italy, August 30 - September
                  4, 2015},
  pages        = {50--60},
  publisher    = {{ACM}},
  year         = {2015},
  url          = {https://doi.org/10.1145/2786805.2786848},
  doi          = {10.1145/2786805.2786848},
  timestamp    = {Sat, 09 Apr 2022 12:47:21 +0200},
  biburl       = {https://dblp.org/rec/conf/sigsoft/ErnstBONG15.bib},
  bibsource    = {dblp computer science bibliography, https://dblp.org}
}

@inproceedings{DBLP:conf/msr/ZampettiSOCP17,
  author       = {Fiorella Zampetti and
                  Simone Scalabrino and
                  Rocco Oliveto and
                  Gerardo Canfora and
                  Massimiliano Di Penta},
  editor       = {Jes{\'{u}}s M. Gonz{\'{a}}lez{-}Barahona and
                  Abram Hindle and
                  Lin Tan},
  title        = {How open source projects use static code analysis tools in continuous
                  integration pipelines},
  booktitle    = {Proceedings of the 14th International Conference on Mining Software
                  Repositories, {MSR} 2017, Buenos Aires, Argentina, May 20-28, 2017},
  pages        = {334--344},
  publisher    = {{IEEE} Computer Society},
  year         = {2017},
  url          = {https://doi.org/10.1109/MSR.2017.2},
  doi          = {10.1109/MSR.2017.2},
  timestamp    = {Thu, 23 Mar 2023 23:57:40 +0100},
  biburl       = {https://dblp.org/rec/conf/msr/ZampettiSOCP17.bib},
  bibsource    = {dblp computer science bibliography, https://dblp.org}
}

@book{DBLP:books/daglib/0015650,
  author       = {Kent L. Beck and
                  Cynthia Andres},
  title        = {Extreme programming explained - embrace change, Second Edition},
  series       = {The {XP} series},
  publisher    = {Addison-Wesley},
  year         = {2005},
  isbn         = {978-0-321-27865-4},
  timestamp    = {Mon, 15 Jul 2019 16:26:46 +0200},
  biburl       = {https://dblp.org/rec/books/daglib/0015650.bib},
  bibsource    = {dblp computer science bibliography, https://dblp.org}
}